@Article{liu,
  author = 	 {Liu, Y. and Fomel, S.},
  title = 	 {Seismic data interpolation beyond aliasing using regularized nonstationary autoregression},
  journal = 	 {Geophysics},
  year = 	 2011,
  volume = 	 76,
  number = 	 5,
  pages = 	 {69-77}}
